

@article{kohl2013,
	Abstract = {The Drosophila sex pheromone cVA elicits different behaviors in males and females. First- and second-order olfactory neurons show identical pheromone responses, suggesting that sex genes differentially wire circuits deeper in the brain. Using in vivo whole-cell electrophysiology, we now show that two clusters of third-order olfactory neurons have dimorphic pheromone responses. One cluster responds in females; the other responds in males. These clusters are present in both sexes and share a common input pathway, but sex-specific wiring reroutes pheromone information. Regulating dendritic position, the fruitless transcription factor both connects the male-responsive cluster and disconnects the female-responsive cluster from pheromone input. Selective masculinization of third-order neurons transforms their morphology and pheromone responses, demonstrating that circuits can be functionally rewired by the cell-autonomous action of a switch gene. This bidirectional switch, analogous to an electrical changeover switch, provides a simple circuit logic to activate different behaviors in males and females.},
	Annote = {<PubmedArticle>
        <MedlineCitation Owner="NLM" Status="In-Data-Review">
            <PMID Version="1">24360281</PMID>
            <DateCreated>
                <Year>2013</Year>
                <Month>12</Month>
                <Day>23</Day>
            </DateCreated>
            <Article PubModel="Print">
                <Journal>
                    <ISSN IssnType="Electronic">1097-4172</ISSN>
                    <JournalIssue CitedMedium="Internet">
                        <Volume>155</Volume>
                        <Issue>7</Issue>
                        <PubDate>
                            <Year>2013</Year>
                            <Month>Dec</Month>
                            <Day>19</Day>
                        </PubDate>
                    </JournalIssue>
                    <Title>Cell</Title>
                    <ISOAbbreviation>Cell</ISOAbbreviation>
                </Journal>
                <ArticleTitle>A bidirectional circuit switch reroutes pheromone signals in male and female brains.</ArticleTitle>
                <Pagination>
                    <MedlinePgn>1610-23</MedlinePgn>
                </Pagination>
                <ELocationID EIdType="doi" ValidYN="Y">10.1016/j.cell.2013.11.025</ELocationID>
                <ELocationID EIdType="pii" ValidYN="Y">S0092-8674(13)01476-1</ELocationID>
                <Abstract>
                    <AbstractText>The Drosophila sex pheromone cVA elicits different behaviors in males and females. First- and second-order olfactory neurons show identical pheromone responses, suggesting that sex genes differentially wire circuits deeper in the brain. Using in vivo whole-cell electrophysiology, we now show that two clusters of third-order olfactory neurons have dimorphic pheromone responses. One cluster responds in females; the other responds in males. These clusters are present in both sexes and share a common input pathway, but sex-specific wiring reroutes pheromone information. Regulating dendritic position, the fruitless transcription factor both connects the male-responsive cluster and disconnects the female-responsive cluster from pheromone input. Selective masculinization of third-order neurons transforms their morphology and pheromone responses, demonstrating that circuits can be functionally rewired by the cell-autonomous action of a switch gene. This bidirectional switch, analogous to an electrical changeover switch, provides a simple circuit logic to activate different behaviors in males and females.</AbstractText>
                    <CopyrightInformation>Copyright {\copyright} 2013 The Authors. Published by Elsevier Inc. All rights reserved.</CopyrightInformation>
                </Abstract>
                <AuthorList CompleteYN="Y">
                    <Author ValidYN="Y">
                        <LastName>Kohl</LastName>
                        <ForeName>Johannes</ForeName>
                        <Initials>J</Initials>
                        <Affiliation>Division of Neurobiology, MRC Laboratory of Molecular Biology, Cambridge CB2 0QH, UK.</Affiliation>
                    </Author>
                    <Author ValidYN="Y">
                        <LastName>Ostrovsky</LastName>
                        <ForeName>Aaron D</ForeName>
                        <Initials>AD</Initials>
                        <Affiliation>Division of Neurobiology, MRC Laboratory of Molecular Biology, Cambridge CB2 0QH, UK.</Affiliation>
                    </Author>
                    <Author ValidYN="Y">
                        <LastName>Frechter</LastName>
                        <ForeName>Shahar</ForeName>
                        <Initials>S</Initials>
                        <Affiliation>Division of Neurobiology, MRC Laboratory of Molecular Biology, Cambridge CB2 0QH, UK.</Affiliation>
                    </Author>
                    <Author ValidYN="Y">
                        <LastName>Jefferis</LastName>
                        <ForeName>Gregory S X E</ForeName>
                        <Initials>GS</Initials>
                        <Affiliation>Division of Neurobiology, MRC Laboratory of Molecular Biology, Cambridge CB2 0QH, UK. Electronic address: jefferis@mrc-lmb.cam.ac.uk.</Affiliation>
                    </Author>
                </AuthorList>
                <Language>eng</Language>
                <PublicationTypeList>
                    <PublicationType>Journal Article</PublicationType>
                </PublicationTypeList>
            </Article>
            <MedlineJournalInfo>
                <Country>United States</Country>
                <MedlineTA>Cell</MedlineTA>
                <NlmUniqueID>0413066</NlmUniqueID>
                <ISSNLinking>0092-8674</ISSNLinking>
            </MedlineJournalInfo>
            <CitationSubset>IM</CitationSubset>
        </MedlineCitation>
        <PubmedData>
            <History>
                <PubMedPubDate PubStatus="received">
                    <Year>2013</Year>
                    <Month>8</Month>
                    <Day>19</Day>
                </PubMedPubDate>
                <PubMedPubDate PubStatus="revised">
                    <Year>2013</Year>
                    <Month>10</Month>
                    <Day>2</Day>
                </PubMedPubDate>
                <PubMedPubDate PubStatus="accepted">
                    <Year>2013</Year>
                    <Month>11</Month>
                    <Day>8</Day>
                </PubMedPubDate>
                <PubMedPubDate PubStatus="entrez">
                    <Year>2013</Year>
                    <Month>12</Month>
                    <Day>24</Day>
                    <Hour>6</Hour>
                    <Minute>0</Minute>
                </PubMedPubDate>
                <PubMedPubDate PubStatus="pubmed">
                    <Year>2013</Year>
                    <Month>12</Month>
                    <Day>24</Day>
                    <Hour>6</Hour>
                    <Minute>0</Minute>
                </PubMedPubDate>
                <PubMedPubDate PubStatus="medline">
                    <Year>2013</Year>
                    <Month>12</Month>
                    <Day>24</Day>
                    <Hour>6</Hour>
                    <Minute>0</Minute>
                </PubMedPubDate>
            </History>
            <PublicationStatus>ppublish</PublicationStatus>
            <ArticleIdList>
                <ArticleId IdType="pii">S0092-8674(13)01476-1</ArticleId>
                <ArticleId IdType="doi">10.1016/j.cell.2013.11.025</ArticleId>
                <ArticleId IdType="pubmed">24360281</ArticleId>
            </ArticleIdList>
        </PubmedData>
    </PubmedArticle>},
	Author = {Kohl, Johannes and Ostrovsky, Aaron D and Frechter, Shahar and Gregory S. X. E. Jefferis},
	Citationnum = {8},
	Date-Added = {2015-02-03 21:46:49 +0000},
	Date-Modified = {2015-02-03 21:46:49 +0000},
	Doi = {10.1016/j.cell.2013.11.025},
	Googlescholarid = {16397028434158011191},
	Journal = {Cell},
	Journal-Full = {Cell},
	Keywords = {Independent, Independent},
	Month = {Dec},
	Mynote = {{This is the first article with a major in vivo whole cell electrophysiology component from my lab at the LMB. We have now used targeted in vivo physiology to study sex pheromone processing in the fly, trying to understand the circuit of the observation that the same stimulus can produce different behaviours in male and female flies. For the first time, in any organism, we have characterised a sexually dimorphic circuit switch in the brain. Pheromone information enters via a common input pathway and is then routed to different third order target neurons in male and female brains. This defines a novel circuit motif, a bidirectional switch where one input is routed to one of two possible outputs (equivalent to a single pole, double throw electrical switch). Besides establishing the circuit basis of this switch, we also demonstrate, by combining genetic manipulations of sex, computational anatomy and physiology, its genetic basis. The fruitless transcription factor, acting in males, both disconnects the female-active target neurons and connects the male-active target neurons. }},
	Number = {7},
	Pages = {1610-23},
	Pmid = {24360281},
	Pst = {ppublish},
	Title = {A bidirectional circuit switch reroutes pheromone signals in male and female brains},
	Volume = {155},
	Year = {2013},
	Bdsk-Url-1 = {http://dx.doi.org/10.1016/j.cell.2013.11.025}}

@article{kuwabara2000,
	Abstract = {Patched (Ptc), initially identified in Drosophila, defines a class of multipass membrane proteins that control cell fate and cell proliferation. Biochemical studies in vertebrates indicate that the membrane proteins Ptc and Smoothened (Smo) form a receptor complex that binds Hedgehog (Hh) morphogens. Smo transduces the Hh signal to downstream effectors. The Caenorhabditis elegans genome encodes two Ptc homologs and one related pseudogene but does not encode obvious Hh or Smo homologs. We have analyzed ptc-1 by RNAi and mutational deletion and find that it is an essential gene, although the absence of ptc-1 has no detectable effect on body patterning or proliferation. Therefore, the C. elegans ptc-1 gene is functional despite the lack of Hh and Smo homologs. We find that the activity and expression of ptc-1 is essentially confined to the germ line and its progenitors. ptc-1 null mutants are sterile with multinucleate germ cells arising from a probable cytokinesis defect. We have also identified a surprisingly large family of PTC-related proteins containing sterol-sensing domains, including homologs of Drosophila dispatched, in C. elegans and other phyla. These results suggest that the PTC superfamily has multiple functions in animal development.},
	Annote = {<PubmedArticle>
        <MedlineCitation Owner="NLM" Status="MEDLINE">
            <PMID Version="1">10921907</PMID>
            <DateCreated>
                <Year>2000</Year>
                <Month>09</Month>
                <Day>08</Day>
            </DateCreated>
            <DateCompleted>
                <Year>2000</Year>
                <Month>09</Month>
                <Day>08</Day>
            </DateCompleted>
            <DateRevised>
                <Year>2009</Year>
                <Month>11</Month>
                <Day>18</Day>
            </DateRevised>
            <Article PubModel="Print">
                <Journal>
                    <ISSN IssnType="Print">0890-9369</ISSN>
                    <JournalIssue CitedMedium="Print">
                        <Volume>14</Volume>
                        <Issue>15</Issue>
                        <PubDate>
                            <Year>2000</Year>
                            <Month>Aug</Month>
                            <Day>1</Day>
                        </PubDate>
                    </JournalIssue>
                    <Title>Genes \&amp; development</Title>
                    <ISOAbbreviation>Genes Dev.</ISOAbbreviation>
                </Journal>
                <ArticleTitle>A C. elegans patched gene, ptc-1, functions in germ-line cytokinesis.</ArticleTitle>
                <Pagination>
                    <MedlinePgn>1933-44</MedlinePgn>
                </Pagination>
                <Abstract>
                    <AbstractText>Patched (Ptc), initially identified in Drosophila, defines a class of multipass membrane proteins that control cell fate and cell proliferation. Biochemical studies in vertebrates indicate that the membrane proteins Ptc and Smoothened (Smo) form a receptor complex that binds Hedgehog (Hh) morphogens. Smo transduces the Hh signal to downstream effectors. The Caenorhabditis elegans genome encodes two Ptc homologs and one related pseudogene but does not encode obvious Hh or Smo homologs. We have analyzed ptc-1 by RNAi and mutational deletion and find that it is an essential gene, although the absence of ptc-1 has no detectable effect on body patterning or proliferation. Therefore, the C. elegans ptc-1 gene is functional despite the lack of Hh and Smo homologs. We find that the activity and expression of ptc-1 is essentially confined to the germ line and its progenitors. ptc-1 null mutants are sterile with multinucleate germ cells arising from a probable cytokinesis defect. We have also identified a surprisingly large family of PTC-related proteins containing sterol-sensing domains, including homologs of Drosophila dispatched, in C. elegans and other phyla. These results suggest that the PTC superfamily has multiple functions in animal development.</AbstractText>
                </Abstract>
                <Affiliation>The Sanger Centre, Wellcome Trust Genome Campus, Hinxton, Cambridge CB10 1SA, UK. pek@sanger.ac.uk.</Affiliation>
                <AuthorList CompleteYN="Y">
                    <Author ValidYN="Y">
                        <LastName>Kuwabara</LastName>
                        <ForeName>P E</ForeName>
                        <Initials>PE</Initials>
                    </Author>
                    <Author ValidYN="Y">
                        <LastName>Lee</LastName>
                        <ForeName>M H</ForeName>
                        <Initials>MH</Initials>
                    </Author>
                    <Author ValidYN="Y">
                        <LastName>Schedl</LastName>
                        <ForeName>T</ForeName>
                        <Initials>T</Initials>
                    </Author>
                    <Author ValidYN="Y">
                        <LastName>Jefferis</LastName>
                        <ForeName>G S</ForeName>
                        <Initials>GS</Initials>
                    </Author>
                </AuthorList>
                <Language>eng</Language>
                <GrantList CompleteYN="Y">
                    <Grant>
                        <GrantID>R01 HD25614</GrantID>
                        <Acronym>HD</Acronym>
                        <Agency>NICHD NIH HHS</Agency>
                        <Country>United States</Country>
                    </Grant>
                </GrantList>
                <PublicationTypeList>
                    <PublicationType>Journal Article</PublicationType>
                    <PublicationType>Research Support, U.S. Gov't, P.H.S.</PublicationType>
                </PublicationTypeList>
            </Article>
            <MedlineJournalInfo>
                <Country>UNITED STATES</Country>
                <MedlineTA>Genes Dev</MedlineTA>
                <NlmUniqueID>8711660</NlmUniqueID>
                <ISSNLinking>0890-9369</ISSNLinking>
            </MedlineJournalInfo>
            <ChemicalList>
                <Chemical>
                    <RegistryNumber>0</RegistryNumber>
                    <NameOfSubstance>Membrane Proteins</NameOfSubstance>
                </Chemical>
                <Chemical>
                    <RegistryNumber>0</RegistryNumber>
                    <NameOfSubstance>RNA, Messenger</NameOfSubstance>
                </Chemical>
                <Chemical>
                    <RegistryNumber>0</RegistryNumber>
                    <NameOfSubstance>Receptors, Cell Surface</NameOfSubstance>
                </Chemical>
                <Chemical>
                    <RegistryNumber>0</RegistryNumber>
                    <NameOfSubstance>patched receptors</NameOfSubstance>
                </Chemical>
            </ChemicalList>
            <CitationSubset>IM</CitationSubset>
            <CommentsCorrectionsList>
                <CommentsCorrections RefType="Cites">
                    <RefSource>Development. 1994 Oct;120(10):2823-34</RefSource>
                    <PMID Version="1">7607073</PMID>
                </CommentsCorrections>
                <CommentsCorrections RefType="Cites">
                    <RefSource>Development. 1994 Oct;120(10):2901-11</RefSource>
                    <PMID Version="1">7607080</PMID>
                </CommentsCorrections>
                <CommentsCorrections RefType="Cites">
                    <RefSource>Genetics. 1995 Feb;139(2):579-606</RefSource>
                    <PMID Version="1">7713419</PMID>
                </CommentsCorrections>
                <CommentsCorrections RefType="Cites">
                    <RefSource>Cell. 1995 May 19;81(4):611-20</RefSource>
                    <PMID Version="1">7758115</PMID>
                </CommentsCorrections>
                <CommentsCorrections RefType="Cites">
                    <RefSource>Science. 1996 Jun 14;272(5268):1668-71</RefSource>
                    <PMID Version="1">8658145</PMID>
                </CommentsCorrections>
                <CommentsCorrections RefType="Cites">
                    <RefSource>Cell. 1996 Jun 14;85(6):841-51</RefSource>
                    <PMID Version="1">8681379</PMID>
                </CommentsCorrections>
                <CommentsCorrections RefType="Cites">
                    <RefSource>Cell. 1996 Jul 12;86(1):21-34</RefSource>
                    <PMID Version="1">8689684</PMID>
                </CommentsCorrections>
                <CommentsCorrections RefType="Cites">
                    <RefSource>J Cell Biol. 1996 Aug;134(3):699-714</RefSource>
                    <PMID Version="1">8707849</PMID>
                </CommentsCorrections>
                <CommentsCorrections RefType="Cites">
                    <RefSource>Development. 1996 Sep;122(9):2835-46</RefSource>
                    <PMID Version="1">8787757</PMID>
                </CommentsCorrections>
                <CommentsCorrections RefType="Cites">
                    <RefSource>Curr Biol. 1996 Sep 1;6(9):1047-50</RefSource>
                    <PMID Version="1">8805384</PMID>
                </CommentsCorrections>
                <CommentsCorrections RefType="Cites">
                    <RefSource>Science. 1996 Oct 11;274(5285):255-9</RefSource>
                    <PMID Version="1">8824192</PMID>
                </CommentsCorrections>
                <CommentsCorrections RefType="Cites">
                    <RefSource>Cell. 1996 Nov 1;87(3):553-63</RefSource>
                    <PMID Version="1">8898207</PMID>
                </CommentsCorrections>
                <CommentsCorrections RefType="Cites">
                    <RefSource>Comput Appl Biosci. 1996 Aug;12(4):357-8</RefSource>
                    <PMID Version="1">8902363</PMID>
                </CommentsCorrections>
                <CommentsCorrections RefType="Cites">
                    <RefSource>Nature. 1996 Nov 14;384(6605):129-34</RefSource>
                    <PMID Version="1">8906787</PMID>
                </CommentsCorrections>
                <CommentsCorrections RefType="Cites">
                    <RefSource>Nature. 1996 Nov 14;384(6605):176-9</RefSource>
                    <PMID Version="1">8906794</PMID>
                </CommentsCorrections>
                <CommentsCorrections RefType="Cites">
                    <RefSource>Dev Biol. 1996 Nov 25;180(1):165-83</RefSource>
                    <PMID Version="1">8948583</PMID>
                </CommentsCorrections>
                <CommentsCorrections RefType="Cites">
                    <RefSource>Microbiol Rev. 1996 Dec;60(4):575-608</RefSource>
                    <PMID Version="1">8987357</PMID>
                </CommentsCorrections>
                <CommentsCorrections RefType="Cites">
                    <RefSource>Trends Genet. 1997 Jan;13(1):14-21</RefSource>
                    <PMID Version="1">9009843</PMID>
                </CommentsCorrections>
                <CommentsCorrections RefType="Cites">
                    <RefSource>Genome Res. 1997 Apr;7(4):359-67</RefSource>
                    <PMID Version="1">9110175</PMID>
                </CommentsCorrections>
                <CommentsCorrections RefType="Cites">
                    <RefSource>Science. 1997 Jul 11;277(5323):228-31</RefSource>
                    <PMID Version="1">9211849</PMID>
                </CommentsCorrections>
                <CommentsCorrections RefType="Cites">
                    <RefSource>Science. 1997 Jul 11;277(5323):232-5</RefSource>
                    <PMID Version="1">9211850</PMID>
                </CommentsCorrections>
                <CommentsCorrections RefType="Cites">
                    <RefSource>Nucleic Acids Res. 1997 Sep 1;25(17):3389-402</RefSource>
                    <PMID Version="1">9254694</PMID>
                </CommentsCorrections>
                <CommentsCorrections RefType="Cites">
                    <RefSource>Cell. 1997 Oct 3;91(1):85-97</RefSource>
                    <PMID Version="1">9335337</PMID>
                </CommentsCorrections>
                <CommentsCorrections RefType="Cites">
                    <RefSource>Chromosoma. 1997 Nov;106(6):348-60</RefSource>
                    <PMID Version="1">9362543</PMID>
                </CommentsCorrections>
                <CommentsCorrections RefType="Cites">
                    <RefSource>Dev Biol. 1976 Mar;49(1):200-19</RefSource>
                    <PMID Version="1">943344</PMID>
                </CommentsCorrections>
                <CommentsCorrections RefType="Cites">
                    <RefSource>Nat Genet. 1998 Feb;18(2):104-6</RefSource>
                    <PMID Version="1">9462734</PMID>
                </CommentsCorrections>
                <CommentsCorrections RefType="Cites">
                    <RefSource>Nature. 1998 Feb 19;391(6669):806-11</RefSource>
                    <PMID Version="1">9486653</PMID>
                </CommentsCorrections>
                <CommentsCorrections RefType="Cites">
                    <RefSource>Curr Opin Genet Dev. 1998 Feb;8(1):88-94</RefSource>
                    <PMID Version="1">9529611</PMID>
                </CommentsCorrections>
                <CommentsCorrections RefType="Cites">
                    <RefSource>Curr Opin Lipidol. 1998 Apr;9(2):137-40</RefSource>
                    <PMID Version="1">9559271</PMID>
                </CommentsCorrections>
                <CommentsCorrections RefType="Cites">
                    <RefSource>Science. 1998 Jun 5;280(5369):1603-7</RefSource>
                    <PMID Version="1">9616123</PMID>
                </CommentsCorrections>
                <CommentsCorrections RefType="Cites">
                    <RefSource>Curr Opin Genet Dev. 1998 Aug;8(4):450-6</RefSource>
                    <PMID Version="1">9729722</PMID>
                </CommentsCorrections>
                <CommentsCorrections RefType="Cites">
                    <RefSource>Curr Opin Struct Biol. 1998 Aug;8(4):435-9</RefSource>
                    <PMID Version="1">9729733</PMID>
                </CommentsCorrections>
                <CommentsCorrections RefType="Cites">
                    <RefSource>Proc Natl Acad Sci U S A. 1998 Nov 10;95(23):13630-4</RefSource>
                    <PMID Version="1">9811851</PMID>
                </CommentsCorrections>
                <CommentsCorrections RefType="Cites">
                    <RefSource>Science. 1998 Dec 11;282(5396):2012-8</RefSource>
                    <PMID Version="1">9851916</PMID>
                </CommentsCorrections>
                <CommentsCorrections RefType="Cites">
                    <RefSource>Annu Rev Cell Dev Biol. 1998;14:59-88</RefSource>
                    <PMID Version="1">9891778</PMID>
                </CommentsCorrections>
                <CommentsCorrections RefType="Cites">
                    <RefSource>Curr Opin Cell Biol. 1999 Feb;11(1):68-80</RefSource>
                    <PMID Version="1">10047527</PMID>
                </CommentsCorrections>
                <CommentsCorrections RefType="Cites">
                    <RefSource>Dev Biol. 1999 Aug 1;212(1):101-23</RefSource>
                    <PMID Version="1">10419689</PMID>
                </CommentsCorrections>
                <CommentsCorrections RefType="Cites">
                    <RefSource>Curr Biol. 1999 Jul 15;9(14):738-45</RefSource>
                    <PMID Version="1">10421575</PMID>
                </CommentsCorrections>
                <CommentsCorrections RefType="Cites">
                    <RefSource>Genome Res. 1999 Oct;9(10):909-23</RefSource>
                    <PMID Version="1">10523520</PMID>
                </CommentsCorrections>
                <CommentsCorrections RefType="Cites">
                    <RefSource>Nat Cell Biol. 1999 Jun;1(2):E37-8</RefSource>
                    <PMID Version="1">10559892</PMID>
                </CommentsCorrections>
                <CommentsCorrections RefType="Cites">
                    <RefSource>Cell. 1999 Dec 23;99(7):803-15</RefSource>
                    <PMID Version="1">10619433</PMID>
                </CommentsCorrections>
                <CommentsCorrections RefType="Cites">
                    <RefSource>Development. 1990 Sep;110(1):291-301</RefSource>
                    <PMID Version="1">2081466</PMID>
                </CommentsCorrections>
                <CommentsCorrections RefType="Cites">
                    <RefSource>Cell. 1989 Nov 17;59(4):751-65</RefSource>
                    <PMID Version="1">2582494</PMID>
                </CommentsCorrections>
                <CommentsCorrections RefType="Cites">
                    <RefSource>Genetics. 1989 Dec;123(4):755-69</RefSource>
                    <PMID Version="1">2612895</PMID>
                </CommentsCorrections>
                <CommentsCorrections RefType="Cites">
                    <RefSource>Nature. 1989 Oct 12;341(6242):508-13</RefSource>
                    <PMID Version="1">2797178</PMID>
                </CommentsCorrections>
                <CommentsCorrections RefType="Cites">
                    <RefSource>Genes Dev. 1987 Sep;1(7):731-45</RefSource>
                    <PMID Version="1">3428597</PMID>
                </CommentsCorrections>
                <CommentsCorrections RefType="Cites">
                    <RefSource>J Cell Biol. 1986 Dec;103(6 Pt 1):2241-52</RefSource>
                    <PMID Version="1">3782297</PMID>
                </CommentsCorrections>
                <CommentsCorrections RefType="Cites">
                    <RefSource>J Cell Sci. 1983 May;61:31-70</RefSource>
                    <PMID Version="1">6411748</PMID>
                </CommentsCorrections>
                <CommentsCorrections RefType="Cites">
                    <RefSource>J Mol Biol. 1982 May 5;157(1):133-48</RefSource>
                    <PMID Version="1">7050392</PMID>
                </CommentsCorrections>
            </CommentsCorrectionsList>
            <MeshHeadingList>
                <MeshHeading>
                    <DescriptorName MajorTopicYN="N">Amino Acid Sequence</DescriptorName>
                </MeshHeading>
                <MeshHeading>
                    <DescriptorName MajorTopicYN="N">Animals</DescriptorName>
                </MeshHeading>
                <MeshHeading>
                    <DescriptorName MajorTopicYN="N">Caenorhabditis elegans</DescriptorName>
                    <QualifierName MajorTopicYN="N">cytology</QualifierName>
                    <QualifierName MajorTopicYN="Y">genetics</QualifierName>
                    <QualifierName MajorTopicYN="N">growth \&amp; development</QualifierName>
                </MeshHeading>
                <MeshHeading>
                    <DescriptorName MajorTopicYN="N">Cell Cycle</DescriptorName>
                    <QualifierName MajorTopicYN="N">genetics</QualifierName>
                </MeshHeading>
                <MeshHeading>
                    <DescriptorName MajorTopicYN="N">Cell Division</DescriptorName>
                    <QualifierName MajorTopicYN="N">genetics</QualifierName>
                </MeshHeading>
                <MeshHeading>
                    <DescriptorName MajorTopicYN="N">Cell Membrane</DescriptorName>
                    <QualifierName MajorTopicYN="N">physiology</QualifierName>
                </MeshHeading>
                <MeshHeading>
                    <DescriptorName MajorTopicYN="N">Embryo, Nonmammalian</DescriptorName>
                </MeshHeading>
                <MeshHeading>
                    <DescriptorName MajorTopicYN="N">Female</DescriptorName>
                </MeshHeading>
                <MeshHeading>
                    <DescriptorName MajorTopicYN="N">Fetal Death</DescriptorName>
                    <QualifierName MajorTopicYN="N">genetics</QualifierName>
                </MeshHeading>
                <MeshHeading>
                    <DescriptorName MajorTopicYN="N">Gene Deletion</DescriptorName>
                </MeshHeading>
                <MeshHeading>
                    <DescriptorName MajorTopicYN="Y">Gene Expression Regulation, Developmental</DescriptorName>
                </MeshHeading>
                <MeshHeading>
                    <DescriptorName MajorTopicYN="N">Germ Cells</DescriptorName>
                    <QualifierName MajorTopicYN="Y">cytology</QualifierName>
                </MeshHeading>
                <MeshHeading>
                    <DescriptorName MajorTopicYN="N">Infertility</DescriptorName>
                    <QualifierName MajorTopicYN="N">genetics</QualifierName>
                </MeshHeading>
                <MeshHeading>
                    <DescriptorName MajorTopicYN="N">Male</DescriptorName>
                </MeshHeading>
                <MeshHeading>
                    <DescriptorName MajorTopicYN="N">Membrane Proteins</DescriptorName>
                    <QualifierName MajorTopicYN="Y">genetics</QualifierName>
                    <QualifierName MajorTopicYN="N">metabolism</QualifierName>
                </MeshHeading>
                <MeshHeading>
                    <DescriptorName MajorTopicYN="N">Molecular Sequence Data</DescriptorName>
                </MeshHeading>
                <MeshHeading>
                    <DescriptorName MajorTopicYN="N">Multigene Family</DescriptorName>
                </MeshHeading>
                <MeshHeading>
                    <DescriptorName MajorTopicYN="N">RNA, Messenger</DescriptorName>
                    <QualifierName MajorTopicYN="N">metabolism</QualifierName>
                </MeshHeading>
                <MeshHeading>
                    <DescriptorName MajorTopicYN="N">Receptors, Cell Surface</DescriptorName>
                </MeshHeading>
                <MeshHeading>
                    <DescriptorName MajorTopicYN="N">Zygote</DescriptorName>
                </MeshHeading>
            </MeshHeadingList>
            <OtherID Source="NLM">PMC316821</OtherID>
        </MedlineCitation>
        <PubmedData>
            <History>
                <PubMedPubDate PubStatus="pubmed">
                    <Year>2000</Year>
                    <Month>8</Month>
                    <Day>2</Day>
                    <Hour>11</Hour>
                    <Minute>0</Minute>
                </PubMedPubDate>
                <PubMedPubDate PubStatus="medline">
                    <Year>2000</Year>
                    <Month>9</Month>
                    <Day>19</Day>
                    <Hour>11</Hour>
                    <Minute>1</Minute>
                </PubMedPubDate>
                <PubMedPubDate PubStatus="entrez">
                    <Year>2000</Year>
                    <Month>8</Month>
                    <Day>2</Day>
                    <Hour>11</Hour>
                    <Minute>0</Minute>
                </PubMedPubDate>
            </History>
            <PublicationStatus>ppublish</PublicationStatus>
            <ArticleIdList>
                <ArticleId IdType="pubmed">10921907</ArticleId>
                <ArticleId IdType="pmc">PMC316821</ArticleId>
            </ArticleIdList>
        </PubmedData>
    </PubmedArticle>},
	Author = {Kuwabara, P E and Lee, M H and Schedl, T and Gregory S. X. E. Jefferis},
	Citationnum = {70},
	Date-Added = {2015-02-03 21:46:49 +0000},
	Date-Modified = {2015-02-03 21:46:49 +0000},
	Doi = {10.1101/gad.14.15.1933},
	Googlescholarid = {7895171141223168448},
	Journal = {Genes Dev},
	Journal-Full = {Genes \& development},
	Keywords = {Other},
	Mesh = {Amino Acid Sequence; Animals; Caenorhabditis elegans; Cell Cycle; Cell Division; Cell Membrane; Embryo, Nonmammalian; Female; Fetal Death; Gene Deletion; Gene Expression Regulation, Developmental; Germ Cells; Infertility; Male; Membrane Proteins; Molecular Sequence Data; Multigene Family; RNA, Messenger; Receptors, Cell Surface; Zygote},
	Month = {Aug},
	Number = {15},
	Pages = {1933-44},
	Pmc = {PMC316821},
	Pmid = {10921907},
	Pst = {ppublish},
	Title = {A C. elegans patched gene, ptc-1, functions in germ-line cytokinesis},
	Volume = {14},
	Year = {2000},
	Bdsk-Url-1 = {http://dx.doi.org/10.1101/gad.14.15.1933}}

@article{masse2012,
	Abstract = {Mapping neural circuits can be accomplished by labeling a small number of neural structures per brain, and then combining these structures across multiple brains. This sparse labeling method has been particularly effective in Drosophila melanogaster, where clonally related clusters of neurons derived from the same neural stem cell (neuroblast clones) are functionally related and morphologically highly stereotyped across animals. However identifying these neuroblast clones (approximately 180 per central brain hemisphere) manually remains challenging and time consuming. Here, we take advantage of the stereotyped nature of neural circuits in Drosophila to automatically identify clones, requiring manual annotation of only an initial, smaller set of images. Our procedure starts by filtering the images to accentuate neural projections and cell bodies, and then skeletonises the projections with a dimension reduction algorithm. Images are then registered onto a common template brain, allowing us to determine which projections and cell bodies are shared across different brains. We then determine whether the presence of a cell body or projection is associated with the presence of a clone, allowing us identify the neural structures that can reliably indicate whether a brain contains a specific clone. This enables us to detect the presence of clones in novel images by mapping their cell bodies and projections and matching them against these informative neural structures. The approach is not limited to a specific labeling strategy and can be used to identify partial (e.g. individual neurons) as well as complete matches. Furthermore this approach could be generalised to studies of neural circuits in other organisms.},
	Author = {Nicolas Yvan Masse and Sebastian Cachero and Aaron Ostrovsky and Gregory S. X. E. Jefferis},
	Citationnum = {1},
	Date-Added = {2015-02-03 21:46:49 +0000},
	Date-Modified = {2015-02-03 21:46:49 +0000},
	Doi = {10.3389/fninf.2012.00021},
	Googlescholarid = {10632958282783461348},
	Issn = {1662-5196},
	Journal = {Frontiers in Neuroinformatics},
	Keywords = {Independent, Independent},
	Number = 00021,
	Title = {A mutual information approach to automate identification of neuronal clusters in Drosophila brain images},
	Url = {http://www.frontiersin.org/Journal/Abstract.aspx?s=752&name=neuroinformatics&ART_DOI=10.3389/fninf.2012.00021},
	Volume = 6,
	Year = 2012,
	Bdsk-Url-1 = {http://www.frontiersin.org/Journal/Abstract.aspx?s=752&name=neuroinformatics&ART_DOI=10.3389/fninf.2012.00021},
	Bdsk-Url-2 = {http://dx.doi.org/10.3389/fninf.2012.00021}}
